%% This BibTeX bibliography file was created using BibDesk.
%% https://bibdesk.sourceforge.io/

%% Created for Daniel Baker at 2022-09-11 08:44:05 +0100 


%% Saved with string encoding Unicode (UTF-8) 



@article{Baker2021,
	author = {Daniel H. Baker},
	date-added = {2022-09-11 08:43:53 +0100},
	date-modified = {2022-09-11 08:43:53 +0100},
	doi = {10.51628/001c.27680},
	journal = {Neurons, Behavior, Data analysis, and Theory},
	number = {3},
	publisher = {Neurons Behavior Data Analysis and Behavior},
	title = {Statistical analysis of periodic data in neuroscience},
	url = {https://doi.org/10.51628%2F001c.27680},
	volume = {5},
	year = 2021,
	bdsk-url-1 = {https://doi.org/10.51628%2F001c.27680},
	bdsk-url-2 = {https://doi.org/10.51628/001c.27680}}
